% -*- coding: utf-8 -*-
@inproceedings{rheinlander2016potential,
  title={Potential and pitfalls of domain-specific information extraction at web scale},
  author={Rheinl{\"a}nder, Astrid and Lehmann, Mario and Kunkel, Anja and Meier, J{\"o}rg and Leser, Ulf},
  booktitle={Proceedings of the 2016 international conference on management of data},
  pages={759--771},
  year={2016}
}

@article{siddesh2017optimizing,
  title={Optimizing Crawler4j using MapReduce Programming Model},
  author={Siddesh, GM and Suresh, Kavya and Madhuri, KY and Nijagal, Madhushree and Rakshitha, BR and Srinivasa, KG},
  journal={Journal of The Institution of Engineers (India): Series B},
  volume={98},
  number={3},
  pages={329--336},
  year={2017},
  publisher={Springer}
}

@article{christensen2010new,
  title={A new analysis of the false positive rate of a bloom filter},
  author={Christensen, Ken and Roginsky, Allen and Jimeno, Miguel},
  journal={Information Processing Letters},
  volume={110},
  number={21},
  pages={944--949},
  year={2010},
  publisher={Elsevier}
}



@inproceedings{kleinberg1999web,
  title={The web as a graph: Measurements, models, and methods},
  author={Kleinberg, Jon M and Kumar, Ravi and Raghavan, Prabhakar and Rajagopalan, Sridhar and Tomkins, Andrew S},
  booktitle={International Computing and Combinatorics Conference},
  pages={1--17},
  year={1999},
  organization={Springer}
}



@article{abiteboul2000queries,
  title={Queries and computation on the Web},
  author={Abiteboul, Serge and Vianu, Victor},
  journal={Theoretical Computer Science},
  volume={239},
  number={2},
  pages={231--255},
  year={2000},
  publisher={Elsevier}
}


@article{mendelzon1997querying,
  title={Querying the world wide web},
  author={Mendelzon, Alberto O and Mihaila, George A and Milo, Tova},
  journal={International Journal on Digital Libraries},
  volume={1},
  number={1},
  pages={54--67},
  year={1997},
  publisher={Springer}
}

@article{singh2014web,
  title={Web Crawler: Extracting the Web Data},
  author={Singh, MSADJ and Varnica, Bal},
  journal={International Journal of Computer Trends and Technology},
  volume={13},
  number={3},
  pages={132--137},
  year={2014}
}

@article{brin1998anatomy,
  title={The anatomy of a large-scale hypertextual web search engine},
  author={Brin, Sergey and Page, Lawrence},
  journal={Computer networks and ISDN systems},
  volume={30},
  number={1-7},
  pages={107--117},
  year={1998},
  publisher={Elsevier}
}

@article{boldi2004ubicrawler,
  title={Ubicrawler: A scalable fully distributed web crawler},
  author={Boldi, Paolo and Codenotti, Bruno and Santini, Massimo and Vigna, Sebastiano},
  journal={Software: Practice and Experience},
  volume={34},
  number={8},
  pages={711--726},
  year={2004},
  publisher={Wiley Online Library}
}


@article{chen2018improving,
  title={Improving website structure through reducing information overload},
  author={Chen, Min},
  journal={Decision Support Systems},
  volume={110},
  pages={84--94},
  year={2018},
  publisher={Elsevier}
}



@article{grigalis2014using,
  title={Using XPaths of inbound links to cluster template-generated web pages},
  author={Grigalis, Tomas and {\v{C}}enys, Antanas},
  journal={Computer Science and Information Systems},
  volume={11},
  number={1},
  pages={111--131},
  year={2014}
}

@INPROCEEDINGS{6691765,  author={K. {Kaur} and R. {Rani}},  booktitle={2013 IEEE International Conference on Big Data},   title={Modeling and querying data in NoSQL databases},   year={2013},  volume={},  number={},  pages={1-7},  doi={10.1109/BigData.2013.6691765}}

@inproceedings{thalheim2004website,
  title={Website modeling and website generation},
  author={Thalheim, Bernhard and Schewe, Klaus-Dieter and Romalis, Irina and Raak, Thomas and Fiedler, Gunar},
  booktitle={International Conference on Web Engineering},
  pages={577--578},
  year={2004},
  organization={Springer}
}

@article{kausar2013web,
  title={Web crawler: a review},
  author={Kausar, Md Abu and Dhaka, VS and Singh, Sanjeev Kumar},
  journal={International Journal of Computer Applications},
  volume={63},
  number={2},
  year={2013},
  publisher={Foundation of Computer Science}
}

@inproceedings{agre2015keyword,
  title={Keyword focused web crawler},
  author={Agre, Gunjan H and Mahajan, Nikita V},
  booktitle={2015 2nd International Conference on Electronics and Communication Systems (ICECS)},
  pages={1089--1092},
  year={2015},
  organization={IEEE}
}

@article{sudeepthi2012survey,
  title={A survey on semantic web search engine},
  author={Sudeepthi, G and Anuradha, G and Babu, M Surendra Prasad},
  journal={International Journal of Computer Science Issues (IJCSI)},
  volume={9},
  number={2},
  pages={241},
  year={2012},
  publisher={Citeseer}
}


@webpage{wikipedia_web_crawler,
  title = {{Web Crawler}},
  author = {{Wikipedia contributors}},
  publisher = {Wikipedia, The Free Encyclopedia},
  year = {2021},
  url = {https://en.wikipedia.org/wiki/Web_crawler},
  modifydate = {2021/4/16},
  citedate={2021/4/16}
}

@webpage{crawler4j,
  title = {{crawler4j}},
  author = {{Yasser Ganjisaffar}},
  year = {2018},
  url = {https://github.com/yasserg/crawler4j},
 }

@webpage{project_reactor,
  title = {{Project Reactor}},
  author = {{Project Reactor contributors}},
  year = {2012},
  url = {https://projectreactor.io/},
  modifydate = {2021/3/10},
  citedate={2021/4/15}
}

@webpage{stormCrawler,
  title = {{StormCrawler}},
  author = {{Nioche}},
  year = {2021},
  url = {http://stormcrawler.net/},
  modifydate = {2020/7/20},
  citedate={2021/4/15}
}

@webpage{scrapy,
  title={A Fast and Powerful Scraping and Web Crawling framework},
  author={ Zyte and Scrapy contributors },
  year = {2021},
  url = {https://scrapy.org/},
  modifydate = {2021/4/7},
  citedate={2021/4/15}
 
}

@inproceedings{lu2017design,
  title={The design and implementation of configurable news collection system based on web crawler},
  author={Lu, Mengmeng and Wen, Shuhong and Xiao, Yan and Tian, Pei and Wang, Fang},
  booktitle={2017 3rd IEEE International Conference on Computer and Communications (ICCC)},
  pages={2812--2816},
  year={2017},
  organization={IEEE}
}


@article{nutch2014apache,
  title={Web crawling with Apache Nutch},
  author={Nagel, Sebastian},
  journal={ApacheCon EU},
  year={2014}
}


@inproceedings{thalheim2004website,
  title={Website modeling and website generation},
  author={Thalheim, Bernhard and Schewe, Klaus-Dieter and Romalis, Irina and Raak, Thomas and Fiedler, Gunar},
  booktitle={International Conference on Web Engineering},
  pages={577--578},
  year={2004},
  organization={Springer}
}

@article{singh2014review,
  title={A review of web crawler algorithms},
  author={Singh, Apoorv Vikram and Vikas, Achyut Mishra},
  journal={International Journal of Computer Science \& Information Technologies},
  volume={5},
  number={5},
  pages={6689--6691},
  year={2014}
}

@article{hand2014data,
  title={Data mining},
  author={Hand, David J and Adams, Niall M},
  journal={Wiley StatsRef: Statistics Reference Online},
  pages={1--7},
  year={2014},
  publisher={Wiley Online Library}
}

@article{fionda2015nautilod,
  title={NautiLOD: A formal language for the web of data graph},
  author={Fionda, Valeria and Pirr{\`o}, Giuseppe and Gutierrez, Claudio},
  journal={ACM Transactions on the Web (TWEB)},
  volume={9},
  number={1},
  pages={1--43},
  year={2015},
  publisher={ACM New York, NY, USA}
}

@article{desai2017web,
  title={Web Crawler: Review of Different Types of Web Crawler, Its Issues, Applications and Research Opportunities.},
  author={Desai, Keyur and Devulapalli, Virala and Agrawal, Smita and Kathiria, Preeti and Patel, Atul},
  journal={International Journal of Advanced Research in Computer Science},
  volume={8},
  number={3},
  year={2017}
}

@article{shrivastava2018methodical,
  title={A methodical study of web crawler},
  author={Shrivastava, Vandana},
  journal={Vandana Shrivastava Journal of Engineering Research and Application},
  volume={8},
  number={11},
  pages={01--08},
  year={2018}
}

@inproceedings{agre2015keyword,
  title={Keyword focused web crawler},
  author={Agre, Gunjan H and Mahajan, Nikita V},
  booktitle={2015 2nd International Conference on Electronics and Communication Systems (ICECS)},
  pages={1089--1092},
  year={2015},
  organization={IEEE}
}

@article{kumar2018keyword,
  title={Keyword query based focused Web crawler},
  author={Kumar, Manish and Bindal, Ankit and Gautam, Robin and Bhatia, Rajesh},
  journal={Procedia Computer Science},
  volume={125},
  pages={584--590},
  year={2018},
  publisher={Elsevier}
}

@inproceedings{panum2019kraaler,
  title={Kraaler: A User-Perspective Web Crawler},
  author={Panum, Thomas Kobber and Hansen, Ren{\'e} Rydhof and Pedersen, Jens Myrup},
  booktitle={2019 Network Traffic Measurement and Analysis Conference (TMA)},
  pages={153--160},
  year={2019},
  organization={IEEE}
}

@article{rydning2018digitization,
  title={The digitization of the world from edge to core},
  author={Rydning, David Reinsel--John Gantz--John},
  journal={Framingham: International Data Corporation},
  year={2018}
}


@article{satyanarayan2015reactive,
  title={Reactive vega: A streaming dataflow architecture for declarative interactive visualization},
  author={Satyanarayan, Arvind and Russell, Ryan and Hoffswell, Jane and Heer, Jeffrey},
  journal={IEEE transactions on visualization and computer graphics},
  volume={22},
  number={1},
  pages={659--668},
  year={2015},
  publisher={IEEE}
}

@INPROCEEDINGS{7203125,
  author={Salvaneschi, Guido and Margara, Alessandro and Tamburrelli, Giordano},
  booktitle={2015 IEEE/ACM 37th IEEE International Conference on Software Engineering}, 
  title={Reactive Programming: A Walkthrough}, 
  year={2015},
  volume={2},
  number={},
  pages={953-954},
  doi={10.1109/ICSE.2015.303}}

  @inproceedings{de1994searching,
  title={Searching for arbitrary information in the www: The fish-search for mosaic},
  author={De Bra, PME and Post, RDJ},
  booktitle={WWW Conference},
  year={1994}
}
